Barros, D. B., & Souza, R. G. (2023). Leak detection in water distribution networks based on graph signal processing of pressure data. Journal of Hydroinformatics, 25(6). https://doi.org/0.2166/hydro.2023.047
Barros, D. B., & Souza, R. G. (2023). Leak detection in water distribution networks based on graph signal processing of pressure data. Journal of Hydroinformatics, 25(6). https://doi.org/0.2166/hydro.2023.047

Barros, D. B., & Souza, R. G. (2023). Leak detection in water distribution networks based on graph signal processing of pressure data. Journal of Hydroinformatics, 25(6). https://doi.org/0.2166/hydro.2023.047

Barros, D. B., & Souza, R. G. (2023). Leak detection in water distribution networks based on graph signal processing of pressure data. Journal of Hydroinformatics, 25(6). https://doi.org/0.2166/hydro.2023.047


