@misc{noauthor,
	title = {Lead and {Copper} {Rule}},
	url = {https://www.epa.gov/dwreginfo/lead-and-copper-rule},
	language = {English},
	urldate = {2024-07-15},
	journal = {Lead and Copper Rule},
	month = nov,
	year = {2023},
}
