
@misc{epa_lead_2023,
	title = {Lead and {Copper} {Rule}},
	url = {https://www.epa.gov/dwreginfo/lead-and-copper-rule},
	abstract = {Lead and copper enter drinking water primarily through plumbing materials. Exposure to lead and copper may cause health problems ranging from stomach distress to brain damage.},
	language = {English},
	journal = {Drinking Water Requirements for States and Public Water Systems},
	author = {{EPA}},
	month = nov,
	year = {2023},
}
